
%
% REGISTRATION PROBLEM BIBLIOGRAPHY
%

%  BOOKS
%  - Theoretical (pure math)
%  - Practical (applied to imaging)

%  JOURNALS
%  - Historical non medical 
%  - Historical non medical
%  - ON THE EDGE
%  - - Diffeomorphic image registration
%  - - Non diffeomorphic image registration
%  - - Related methods

% RELATED REFERENCES







%%%%%%%%%%%%%%%%%%%%%%%%%%%%%%%%%%%%%%
% BOOKS
%%%%%%%%%%%%%%%%%%%%%%%%%%%%%%%%%%%%%%
% Theoretical

@misc{hall,
	author  = {Brian Hall}, 
	title   = {Lie Groups, Lie Algebras, and Representations: An Elementary Introduction},
	journal = {},
	year    = ,
	number  = ,
	pages   = {},
	month   = ,
	note    = {}, 
	volume  = 
}


@misc{kirillov,
	author  = {Alexander Kirillow Jr}, 
	title   = {Introduction to Lie groups and Lie algebras},
	journal = {},
	year    = ,
	number  = ,
	pages   = {},
	month   = ,
	note    = {}, 
	volume  = 
}

%%%%%%%%%%%%%%%%%%%%%%%%%%%%%%%%%%%%%%
% BOOKS
%%%%%%%%%%%%%%%%%%%%%%%%%%%%%%%%%%%%%%
% History


@article{bradley2008history,
	title={History of medical imaging},
	author={Bradley, William G},
	journal={Proceedings of the American Philosophical Society},
	pages={349--361},
	year={2008},
	publisher={JSTOR}
}

%%%%%%%%%%%%%%%%%%%%%%%%%%%%%%%%%%%%%%
% JOURNALS
%%%%%%%%%%%%%%%%%%%%%%%%%%%%%%%%%%%%%%
%  Theoretical
@article{bauer2011geodesic,
	title={GEODESIC DISTANCE FOR RIGHT INVARIANT SOBOLEV METRICS OF FRACTIONAL ORDER ON THE DIFFEOMORPHISM GROUP},
	author={BAUER, MARTIN and BRUVERIS, MARTINS and HARMS, PHILIPP and MICHOR, PETER W},
	year={2011}
}

@article{bauer2010sobolev,
	title={Sobolev metrics on shape space of surfaces in n-space},
	author={Bauer, Martin and Harms, Philipp and Michor, Peter W},
	journal={Arxiv preprint arXiv:1009.3616},
	year={2010}
}


@inproceedings{arnold1966geometrie,
	title={Sur la g{\'e}om{\'e}trie diff{\'e}rentielle des groupes de Lie de dimension infinie et ses applications {\`a} l'hydrodynamique des fluides parfaits},
	author={Arnold, Vladimir},
	booktitle={Annales de l'institut Fourier},
	volume={16},
	number={1},
	pages={319--361},
	year={1966},
	organization={Institut Fourier}
}

@article{leslie1983lie,
	title={A Lie group structure for the group of analytic diffeomorphisms},
	author={Leslie, JA},
	journal={Boll. Un. Mat. Ital. A (6)},
	volume={2},
	pages={29--37},
	year={1983}
}

@inproceedings{omori1970group,
	title={On the group of diffeomorphisms on a compact manifold},
	author={Omori, Hideki},
	booktitle={Proc. Symp. Pure Appl. Math., XV, Amer. Math. Soc},
	pages={167--183},
	year={1970}
}

@incollection{milnor1984remarks,
	title={Remarks on infinite-dimensional Lie groups},
	author={Milnor, John},
	booktitle={Relativity, groups and topology. 2},
	year={1984}
}

@article{ratiu1981differentiable,
	title={The differentiable structure of three remarkable diffeomorphism groups},
	author={Ratiu, Tudor and Schmid, Rudolf},
	journal={Mathematische Zeitschrift},
	volume={177},
	number={1},
	pages={81--100},
	year={1981},
	publisher={Springer}
}


@article{marsden1970hamiltonian,
	title={Hamiltonian mechanics on Lie groups and hydrodynamics},
	author={Marsden, J and Abraham, R},
	journal={Global Analysis,(eds. SS Chern and S. Smale), Proc. Sympos. Pure Math},
	volume={16},
	pages={237--244},
	year={1970}
}

@article{wojtynski1994one,
	title={One-parameter subgroups and the BCH formula},
	author={Wojty{\'n}ski, Wojciech},
	journal={Studia Mathematica},
	volume={111},
	number={2},
	pages={163--185},
	year={1994},
	publisher={Institute of Mathematics Polish Academy of Sciences}
}


@book{do1976differential,
	title={Differential geometry of curves and surfaces},
	author={Do Carmo, Manfredo Perdigao and Do Carmo, Manfredo Perdigao},
	volume={2},
	year={1976},
	publisher={Prentice-hall Englewood Cliffs}
}

@book{do1992riemannian,
	title={Riemannian geometry},
	author={do Carmo Valero, Manfredo Perdigao},
	year={1992}
}

%%%%%%%%%%%%%%%%%%%%%%%%%%%%%%%%%%%%%%
% SRURVEYS
%%%%%%%%%%%%%%%%%%%%%%%%%%%%%%%%%%%%%%
%  Historical medical

@inproceedings{hernandez2008comparing,
	title={Comparing algorithms for diffeomorphic registration: Stationary LDDMM and Diffeomorphic Demons},
	author={Hernandez, Monica and Olmos, Salvador and Pennec, Xavier},
	booktitle={2nd MICCAI workshop on mathematical foundations of computational anatomy},
	pages={24--35},
	year={2008}
}

% Historical of medical imaging registration
@ARTICLE{Sotiras:survey:13, 
	author={Sotiras, A. and Davatzikos, C. and Paragios, N.}, 
	journal={Medical Imaging, IEEE Transactions on}, 
	title={Deformable Medical Image Registration: A Survey}, 
	year={2013}, 
	month={July}, 
	volume={32}, 
	number={7}, 
	pages={1153-1190}, 
	keywords={image fusion;image registration;medical image processing;patient treatment;statistical analysis;deformable medical image registration;diagnosis;imaging devices;information acquisition;medical image processing;multimodality fusion;normal anatomical variability;population modeling;protocols;statistical atlases;temporal anatomical changes;temporal structural changes;treatment planning;Biomedical imaging;Computational modeling;Deformable models;Image registration;Linear programming;Mathematical model;Topology;Bibliographical review;deformable registration;medical image analysis;Algorithms;Diagnostic Imaging;Humans;Image Processing, Computer-Assisted}, 
	doi={10.1109/TMI.2013.2265603}, 
	ISSN={0278-0062},}


%%%%%%%%%%%%%%%%%%%%%%%%%%%%%%%%%%%%%%
% JOURNALS
%%%%%%%%%%%%%%%%%%%%%%%%%%%%%%%%%%%%%%

@inproceedings{arsigny2006statistics,
	title={Statistics on diffeomorphisms in a Log-Euclidean framework},
	author={Arsigny, Vincent and Commowick, Olivier and Pennec, Xavier and Ayache, Nicholas},
	booktitle={1st MICCAI Workshop on Mathematical Foundations of Computational Anatomy: Geometrical, Statistical and Registration Methods for Modeling Biological Shape Variability},
	pages={14--15},
	year={2006}
}

@incollection{arsigny2006log,
	title={A log-euclidean framework for statistics on diffeomorphisms},
	author={Arsigny, Vincent and Commowick, Olivier and Pennec, Xavier and Ayache, Nicholas},
	booktitle={Medical Image Computing and Computer-Assisted Intervention--MICCAI 2006},
	pages={924--931},
	year={2006},
	publisher={Springer}
}


@incollection{vercauteren2007non,
	title={Non-parametric diffeomorphic image registration with the demons algorithm},
	author={Vercauteren, Tom and Pennec, Xavier and Perchant, Aymeric and Ayache, Nicholas},
	booktitle={Medical Image Computing and Computer-Assisted Intervention--MICCAI 2007},
	pages={319--326},
	year={2007},
	publisher={Springer}
}



@article{vialard2012diffeomorphic,
	title={Diffeomorphic 3D image registration via geodesic shooting using an efficient adjoint calculation},
	author={Vialard, Fran{\c{c}}ois-Xavier and Risser, Laurent and Rueckert, Daniel and Cotter, Colin J},
	journal={International Journal of Computer Vision},
	volume={97},
	number={2},
	pages={229--241},
	year={2012},
	publisher={Springer}
}



@article{thirion1998image,
	title={Image matching as a diffusion process: an analogy with Maxwell's demons},
	author={Thirion, J-P},
	journal={Medical image analysis},
	volume={2},
	number={3},
	pages={243--260},
	year={1998},
	publisher={Elsevier}
}

@inproceedings{hernandez2007registration,
	title={Registration of anatomical images using geodesic paths of diffeomorphisms parameterized with stationary vector fields},
	author={Hernandez, Monica and Bossa, Matias N and Olmos, Salvador},
	booktitle={Computer Vision, 2007. ICCV 2007. IEEE 11th International Conference on},
	pages={1--8},
	year={2007},
	organization={IEEE}
}


@article{beg2005computing,
	title={Computing large deformation metric mappings via geodesic flows of diffeomorphisms},
	author={Beg, M Faisal and Miller, Michael I and Trouv{\'e}, Alain and Younes, Laurent},
	journal={International journal of computer vision},
	volume={61},
	number={2},
	pages={139--157},
	year={2005},
	publisher={Springer}
}


@article{dupuis1998variational,
	title={Variational problems on flows of diffeomorphisms for image matching},
	author={Dupuis, Paul and Grenander, Ulf and Miller, Michael I},
	journal={Quarterly of applied mathematics},
	volume={56},
	number={3},
	pages={587},
	year={1998},
	publisher={Citeseer}
}


@misc{Milnor:84:remarks,
	title={Remarks on infinite-dimensional Lie groups, in ‘Relativity, groups and topology, II’(Les Houches, 1983), 1007--1057},
	author={Milnor, J},
	year={1984},
	publisher={North-Holland, Amsterdam}
}

@incollection{Arnold:Khesin:14
	year={2014},
	isbn={978-3-642-31030-0},
	booktitle={Vladimir I. Arnold - Collected Works},
	volume={2},
	series={Vladimir I. Arnold - Collected Works},
	editor={Givental, Alexander B. and Khesin, Boris A. and Varchenko, Alexander N. and Vassiliev, Victor A. and Viro, Oleg Ya.},
	doi={10.1007/978-3-642-31031-7_42},
	title={Topological methods in hydrodynamics},
	url={http://dx.doi.org/10.1007/978-3-642-31031-7_42},
	publisher={Springer Berlin Heidelberg},
	author={Arnold, VladimirI.},
	pages={433-454},
	language={English}
}

@article{ovsienko1992integrals,
	title={Integrals of the Euler equations of multidimensional hydrodynamics and superconductivity},
	author={Ovsienko, V Yu and Khesin, BA and Chekanov, Yu V},
	journal={Journal of Soviet Mathematics},
	volume={59},
	number={5},
	pages={1096--1101},
	year={1992},
	publisher={Springer}
}



@article{Hill:survey:01,
	author={Derek L G Hill and Philipp G Batchelor and Mark Holden and David J Hawkes},
	title={Medical image registration},
	journal={Physics in Medicine and Biology},
	volume={46},
	number={3},
	pages={R1},
	url={http://stacks.iop.org/0031-9155/46/i=3/a=201},
	year={2001},
}

@MISC{Dupuis:98:variationalproblems,
	author = {Paul Dupuis and Ulf Grenander and Michael I. Miller},
	title = {Variational Problems on Flows of Diffeomorphisms for Image Matching},
	year = {1998}
}

@article{Trouve:98
	year={1998},
	issn={0920-5691},
	journal={International Journal of Computer Vision},
	volume={28},
	number={3},
	doi={10.1023/A:1008001603737},
	title={Diffeomorphisms Groups and Pattern Matching in Image Analysis},
	url={http://dx.doi.org/10.1023/A%3A1008001603737},
	publisher={Kluwer Academic Publishers},
	keywords={pattern matching; diffeomorphisms group; Lie group; deformations; physically based models; geodesic distance},
	author={Trouvé, Alain},
	pages={213-221},
	language={English}
}


%%%%%%%%%%%%%%%%%%%%%%%%%%%%%%%%%%%%%%
% JOURNALS ON THE EDGE
%%%%%%%%%%%%%%%%%%%%%%%%%%%%%%%%%%%%%%
% Diffeomorphic image registration, more on techniques

@article{Lorenzi:pt:13,
	TITLE = {{Geodesics, Parallel Transport \& One-parameter Subgroups for Diffeomorphic Image Registration}},
	AUTHOR = {Lorenzi, Marco and Pennec, Xavier},
	JOURNAL = {{International Journal of Computer Vision}},
	PUBLISHER = {{Springer Verlag (Germany)}},
	SERIES = {International Journal of Computer Vision},
	VOLUME = {105},
	NUMBER = {2},
	PAGES = {111-127},
	YEAR = {2013},
	MONTH = Nov,
	DOI = {10.1007/s11263-012-0598-4},
	url-hal= {https://hal.inria.fr/hal-00813835},
	PDF = {https://hal.inria.fr/hal-00813835/document},
	HAL_ID = {hal-00813835},
	HAL_VERSION = {v1},
	X-INTERNATIONAL-AUDIENCE = {yes},
	X-EDITORIAL-BOARD = {yes},
	X-SCIENTIFIC-POPULARIZATION = {no},
}


@Article{ Ashburner:07,
	author = {J. Ashburner},
	title = {A Fast Diffeomorphic Image Registration Algorithm},
	journal = {{N}euro{I}mage},
	volume = {38},
	number = {1},
	pages = {95--113},
	year = {2007},
	doi = {http://dx.doi.org/10.1016/j.neuroimage.2007.07.007},
	keyword = {spatial,registration,normalisation,MRI} 
}



@inproceedings{VercauterenPPA08,
	title = {Symmetric Log-Domain Diffeomorphic Registration: A Demons-Based Approach},
	author = {Tom Vercauteren and Xavier Pennec and Aymeric Perchant and Nicholas Ayache},
	year = {2008},
	doi = {http://dx.doi.org/10.1007/978-3-540-85988-8_90},
	tags = {rule-based, systematic-approach},
	researchr = {http://researchr.org/publication/VercauterenPPA08},
	cites = {0},
	citedby = {0},
	pages = {754-761},
	booktitle = {Medical Image Computing and Computer-Assisted Intervention - MICCAI 2008, 11th International Conference, New York, NY, USA, September 6-10, 2008, Proceedings, Part I},
	editor = {Dimitris N. Metaxas and Leon Axel and Gabor Fichtinger and Gábor Székely},
	volume = {5241},
	series = {Lecture Notes in Computer Science},
	publisher = {Springer},
	isbn = {978-3-540-85987-1},
}

%%%%%%%%%%%%%%%%%%%%%%%%%%%%%%%%%%%%%%
% JOURNALS ON THE EDGE
%%%%%%%%%%%%%%%%%%%%%%%%%%%%%%%%%%%%%%
% Diffeomorphic image registration, more on applications

@misc{Seiler:MICCAI:11,
	author  = {C. Seiler, X. Pennec and M. Reyes}, 
	title   = {Geometry-Aware Multiscale Image Registration Via OBBTree-Based Polyaffine Log-Demons},
	journal = {MICCAI, Toronto, Canada, LNCS},
	year    =  2011,
	number  = ,
	pages   = {631-638},
	month   = September,
	note    = {Part II}, 
	volume  = 6892
}


%%%%%%%%%%%%%%%%%%%%%%%%%%%%%%%%%%%%%%
% JOURNALS ON THE EDGE
%%%%%%%%%%%%%%%%%%%%%%%%%%%%%%%%%%%%%%
% Non diffeomorphic image registration

%%%%%%%%%%%%%%%%%%%%%%%%%%%%%%%%%%%%%%
% JOURNALS ON THE EDGE
%%%%%%%%%%%%%%%%%%%%%%%%%%%%%%%%%%%%%%
%Related methods

@incollection{Lorenzi:discrete_ladders:14,
	TITLE = {{Discrete Ladders for Parallel Transport in Transformation Groups with an Affine Connection Structure}},
	AUTHOR = {Lorenzi, Marco and Pennec, Xavier},
	BOOKTITLE = {{Geometric Theory of Information}},
	EDITOR = {Frank Nielsen},
	PUBLISHER = {{Springer}},
	SERIES = {Signals and Communication Technology},
	PAGES = {243-271},
	YEAR = {2014},
	DOI = {10.1007/978-3-319-05317-2\_9},
	url-hal= {https://hal.inria.fr/hal-00933229},
	PDF = {https://hal.inria.fr/hal-00933229/document},
	HAL_ID = {hal-00933229},
	HAL_VERSION = {v1},
	X-INTERNATIONAL-AUDIENCE = {yes},
	X-SCIENTIFIC-POPULARIZATION = {no},
	
}

@INPROCEEDINGS{Lorenzi:MFCA:11,
	AUTHOR = {Marco Lorenzi and Xavier Pennec},
	BOOKTITLE = {3rd MICCAI workshop on Mathematical Foundations of Computational Anatomy Workshop},
	TITLE = {Geodesics, parallel transport \& one-parameter subgroups},
	YEAR = 2011,
	X-INTERNATIONAL-AUDIENCE ={no},
	MONTH = {September},
	URL = {http://www.inria.fr/sophia/asclepios/Publications/Marco.Lorenzi/LorenziMFCA2011c.pdf},
	X-INVITED-CONFERENCE ={no},
	URL-HAL = {http://hal.inria.fr/inria-00616202/en/},
	HAL-IDENTIFIANT ={inria-00616202},
	X-EDITORIAL-BOARD ={yes} 
}



@INPROCEEDINGS{Pennec:GRETSI:11,
	AUTHOR = {Xavier Pennec and Marco Lorenzi},
	BOOKTITLE = {Colloque GRETSI '11},
	TITLE = {Which parallel transport for the statistical analysis of longitudinal deformations?},
	YEAR = 2011,
	X-INTERNATIONAL-AUDIENCE ={no},
	MONTH = {September},
	URL = {http://www.inria.fr/sophia/asclepios/Publications/Xavier.Pennec/GRETSI11_Pennec_Lorenzi.pdf},
	X-INVITED-CONFERENCE ={yes},
	URL-HAL = {http://hal.inria.fr/inria-00616204/en/},
	HAL-IDENTIFIANT ={inria-00616204},
	X-EDITORIAL-BOARD ={yes} 
}

@ARTICLE{Mansi:IJCV:11,
	AUTHOR = {Tommaso Mansi and Xavier Pennec and Maxime Sermesant and Herv\'e Delingette and Nicholas Ayache},
	JOURNAL = {International Journal of Computer Vision},
	TITLE = {{iLogDemons}: A Demons-Based Registration Algorithm for Tracking Incompressible Elastic Biological Tissues},
	YEAR = 2011,
	X-EDITORIAL-BOARD ={yes},
	X-INTERNATIONAL-AUDIENCE ={yes},
	volume = 92,
	number = 1,
	pages = "92--111",
	DOI = {10.1007/s11263-010-0405-z},
	URL = {http://www.inria.fr/sophia/asclepios/Publications/Tommaso.Mansi/mansi10IJCV.pdf},
	URL-HAL = {http://hal.inria.fr/inria-00616187/en/},
	HAL-IDENTIFIANT ={inria-00616187} 
}


%%%%%%%%%%%%%%%%%%%%%%%%%%%%%%%%%%%%%%
% PHD THESIS
%%%%%%%%%%%%%%%%%%%%%%%%%%%%%%%%%%%%%%

@misc{Vercauteren:PHD:08,
	author  = {Tom Vercauteren}, 
	title   = {Image Registration and Mosaicing for Dynamic In Vivo Fibered Confocal Microscopy},
	publisher = {Ecole des Mines de Paris},
	year    =2008,
	number  = ,
	pages   = {},
	month   =  January ,
	note    = {PhD Thesis}, 
	volume  = 
}


@PHDTHESIS{Lorenzi:PhD:12,
	AUTHOR = {Marco Lorenzi},
	SCHOOL = {University of Nice Sophia Antipolis},
	TITLE = {Deformation-based morphometry of the brain for the development of surrogate markers in Alzheimer's disease},
	YEAR = 2012,
	MONTH = {December},
	TYPE = {Ph.D. Thesis},
	URL = {http://www.inria.fr/sophia/asclepios/Publications/Marco.Lorenzi/PhDThesis.pdf},
	X-INTERNATIONAL-AUDIENCE ={yes},
	X-PROCEEDINGS ={no},
	
}


@phdthesis{Broit:1981,
	author = {Broit, Chaim},
	title = {Optimal Registration of Deformed Images},
	year = {1981},
	note = {AAI8207933},
	publisher = {University of Pennsylvania},
	address = {Philadelphia, PA, USA},
} 


%%%%%%%%%%%%%%%%%%%%%%%%%%%%%%%%%%%%%%
% RELATED REFERENCES
%%%%%%%%%%%%%%%%%%%%%%%%%%%%%%%%%%%%%%

@article{Arsigny:MRM:06,
	AUTHOR = {Vincent Arsigny and Pierre Fillard and Xavier Pennec and Nicholas Ayache},
	JOURNAL = {Magnetic Resonance in Medicine},
	TITLE = {Log-{Euclidean} Metrics for Fast and Simple Calculus on Diffusion Tensors},
	YEAR = 2006,
	MONTH = {August},
	PMID = 16788917,
	NUMBER = 2,
	PAGES = {411-421},
	VOLUME = 56,
	DOI = {10.1002/mrm.20965},
	KEYWORDS = {DT-MRI, Tensors, Riemannian geometry, Lie groups, interpolation, Log-Euclidean metrics},
	URL = {http://www.inria.fr/sophia/asclepios/Publications/Arsigny/arsigny_mrm_2006.pdf},
	URL-HAL = {http://hal.inria.fr/inria-00502678/en/},
	HAL-IDENTIFIANT ={inria-00502678} 
}

@article{Bossa2007,
	author = {Bossa, Matias and Hernandez, Monica and Olmos, Salvador},
	doi = {10.1007/978-3-540-75757-3\_81},
	isbn = {978-3-540-75756-6, 978-3-540-75757-3},
	issn = {03029743},
	journal = {Medical image computing and computer-assisted intervention : MICCAI ... International Conference on Medical Image Computing and Computer-Assisted Intervention},
	pages = {667--674},
	pmid = {18051116},
	title = {{Contributions to 3D diffeomorphic atlas estimation: application to brain images.}},
	volume = {10},
	year = {2007}
}































@inproceedings{Bossa:08,
	address = {New York, USA},
	author = {Bossa, Matias and Olmos, Salvador},
	booktitle = {Second International Workshop on Mathematical Foundations of Computational Anatomy - Geometrical and Statistical Methods for Modelling Biological Shape Variability},
	citeulike-article-id = {4956638},
	editor = {Pennec, Xavier and Joshi, Sarang},
	posted-at = {2009-06-25 14:58:59},
	priority = {2},
	title = {{A New Algorithm for the Computation of the Group Logarithm of Diffeomorphisms}},
	year = {2008}
}


@article{Baker2004,
	abstract = {citation: 1540 (2014/07/05)},
	author = {Baker, Simon and Matthews, Iain},
	doi = {10.1023/B:VISI.0000011205.11775.fd},
	file = {:Users/sebastiano/BIBLIOTEK/Papers/Baker\&Matthews.pdf:pdf},
	isbn = {0920-5691},
	issn = {09205691},
	journal = {International Journal of Computer Vision},
	keywords = {A unifying framework,Additive vs. compositional algorithms,Efficiency,Forwards vs. inverse algorithms,Gauss-Newton,Image alignment,Levenberg-Marquardt,Lucas-Kanade,Newton,Steepest descent,The inverse compositional algorithm},
	number = {3},
	pages = {221--255},
	title = {{Lucas-Kanade 20 years on: A unifying framework}},
	volume = {56},
	year = {2004}
}


@misc{Morita01,
	author    = {Shigeyuki Morita},
	title     = {Geometry of differential forms},
	year      = {2001},
	publisher = {volume 201 of Translations
	of Mathematical Monographs},
	address   = {American Mathematical Society, Providence.}
}





@article{pennec2011riemannian,
	title={From Riemannian geometry to computational anatomy},
	author={Pennec, X},
	year={2011},
	journal={Emerging Trends in Visual Computing, Statistical Computing on Manifolds: From Riemannian Geometry to Computational Anatomy},
	pages={347-386},
	volume = {5416}
}


@article{pennec2006riemannian,
	year={2006},
	issn={0920-5691},
	journal={International Journal of Computer Vision},
	volume={66},
	number={1},
	doi={10.1007/s11263-005-3222-z},
	title={A Riemannian Framework for Tensor Computing},
	url={http://dx.doi.org/10.1007/s11263-005-3222-z},
	publisher={Kluwer Academic Publishers},
	keywords={tensors; diffusion tensor MRI; regularization; interpolation; extrapolation; PDE; Riemannian manifold; affine-invariant metric},
	author={Pennec, Xavier and Fillard, Pierre and Ayache, Nicholas},
	pages={41-66},
	language={English}
}


@INPROCEEDINGS{zhang2004towards, 
	author={Zhang, Hui and Yushkevich, Paul A and Gee, James C},
	title={Towards diffusion profile image registration}, 
	year={2004}, 
	month={April}, 
	pages={324-327},
	volume={1},
	BOOKTITLE={{ISBI}} 
	keywords={biomedical MRI;image registration;image resolution;medical image processing;Cartesian diffusion tensors;diffusion profile image registration;multi-resolution framework;nonlinear registration;piece-wise local affine registration;signal analysis;Algorithm design and analysis;Anisotropic magnetoresistance;Data analysis;Image registration;Large-scale systems;Magnetic resonance imaging;Processor scheduling;Robustness;Signal analysis;Tensile stress}, 
	doi={10.1109/ISBI.2004.1398540},}

@article{tschumperle2001diffusion,
	title={Diffusion tensor regularization with constraints preservation},
	author={Tschumperl{\'e}, David and Deriche, Rachid},
	journal={Computer Vision and Pattern Recognition. CVPR 2001.},
	volume={1},
	pages={I--948},
	year={2001},
	organization={IEEE}
}


@inproceedings{miolane2015statistics,
	TITLE = {{Statistics on Lie groups : a need to go beyond the pseudo-Riemannian framework}},
	AUTHOR = {Miolane, Nina and Pennec, Xavier},
	URL = {https://hal.inria.fr/hal-01091515},
	BOOKTITLE = {{MaxEnt 2014}},
	ADDRESS = {Amboise, France},
	YEAR = {2014},
	MONTH = Sep,
	KEYWORDS = {Lie group ; computational anatomy ; Statistics ; pseudo-Riemannian ; metric ; exponential barycenter ; manifold},
	HAL_ID = {hal-01091515},
	HAL_VERSION = {v1},
}

@article{lorenzi2013lcc,
	title={{LCC-Demons: a robust and accurate symmetric diffeomorphic registration algorithm}},
	author={Lorenzi, Marco and Ayache, Nicholas and Frisoni, Giovanni B and Pennec, Xavier and Alzheimer's Disease Neuroimaging Initiative},
	Journal={NeuroImage},
	volume={81},
	pages={470--483},
	year={2013},
	publisher={Academic Press}
}

